@Manual{R-rayrender,
  title = {rayrender: Build and Raytrace 3D Scenes},
  author = {Tyler Morgan-Wall},
  year = {2020},
  note = {R package version 0.9.1},
  url = {https://CRAN.R-project.org/package=rayrender},
}

